@article{galenianos2009,
  title={Directed search with multiple job applications},
  author={Galenianos, Manolis and Kircher, Philipp},
  journal={Journal of Economic Theory},
  volume={144},
  number={2},
  pages={445--471},
  year={2009},
  publisher={Elsevier}
}

@article{albrecht2006,
  title={Equilibrium directed search with multiple applications},
  author={Albrecht, James and Gautier, Pieter A and Vroman, Susan},
  journal={The Review of Economic Studies},
  volume={73},
  number={4},
  pages={869--891},
  year={2006},
  publisher={Wiley-Blackwell}
}