@article{hertwig2004,
  title={Decisions from experience and the effect of rare events in risky choice},
  author={Hertwig, Ralph and Barron, Greg and Weber, Elke U and Erev, Ido},
  journal={Psychological science},
  volume={15},
  number={8},
  pages={534--539},
  year={2004},
  publisher={SAGE Publications Sage CA: Los Angeles, CA}
}

@article{gonzalez2010,
  title={An equilibrium theory of learning, search, and wages},
  author={Gonzalez, Francisco M and Shi, Shouyong},
  journal={Econometrica},
  volume={78},
  number={2},
  pages={509--537},
  year={2010},
  publisher={Wiley Online Library}
}

@article{kahneman1979,
 ISSN = {00129682, 14680262},
 URL = {http://www.jstor.org/stable/1914185},
 author = {Daniel Kahneman and Amos Tversky},
 journal = {Econometrica},
 number = {2},
 pages = {263--291},
 publisher = {[Wiley, Econometric Society]},
 title = {Prospect Theory: An Analysis of Decision under Risk},
 volume = {47},
 year = {1979}
}

@article{kahneman1986,
  title={Norm theory: Comparing reality to its alternatives.},
  author={Kahneman, Daniel and Miller, Dale T},
  journal={Psychological review},
  volume={93},
  number={2},
  pages={136},
  year={1986},
  publisher={American Psychological Association}
}

@article{tversky1973,
title = "Availability: A heuristic for judging frequency and probability",
journal = "Cognitive Psychology",
volume = "5",
number = "2",
pages = "207 - 232",
year = "1973",
issn = "0010-0285",
doi = "https://doi.org/10.1016/0010-0285(73)90033-9",
url = "http://www.sciencedirect.com/science/article/pii/0010028573900339",
author = "Amos Tversky and Daniel Kahneman"
}

@article{miller1989,
doi	= {10.1037/0022-3514.57.4.581},
title	= {When a coincidence is suspicious: The role of mental simulation.},
author	= {Miller, Dale T. and Turnbull, William and McFarland, Cathy},
publisher	= {American Psychological Association},
journal	= {Journal of Personality and Social Psychology},
issnp	= {0022-3514},
year	= 1989,
volume	= 57,
issue	= 4,
page	= {581--589},
url =       {http://gen.lib.rus.ec/scimag/index.php?s=10.1037/0022-3514.57.4.581},
}

@article{wolfe1941,
  title={Effect of amount of reward and consummative activity on learning in chickens.},
  author={Wolfe, JOHN B and Kaplon, M},
  journal={Journal of Comparative Psychology},
  volume={31},
  number={2},
  pages={353},
  year={1941},
  publisher={Williams \& Wilkins Company}
}

@article{pelham1994,
  title={The easy path from many to much: The numerosity heuristic},
  author={Pelham, Brett W and Sumarta, Tin T and Myaskovsky, Laura},
  journal={Cognitive Psychology},
  volume={26},
  number={2},
  pages={103--133},
  year={1994},
  publisher={Elsevier}
}

@article{moen1997,
  title={Competitive search equilibrium},
  author={Moen, Espen R},
  journal={Journal of political Economy},
  volume={105},
  number={2},
  pages={385--411},
  year={1997},
  publisher={The University of Chicago Press}
}

@techreport{wright2017,
  title={Directed search: A guided tour},
  author={Wright, Randall and Kircher, Philipp and Jul{\^\i}en, Benoit and Guerrieri, Veronica},
  year={2017},
  institution={National Bureau of Economic Research}
}

@article{rogerson2005,
  title={Search-theoretic models of the labor market: A survey},
  author={Rogerson, Richard and Shimer, Robert and Wright, Randall},
  journal={Journal of economic literature},
  volume={43},
  number={4},
  pages={959--988},
  year={2005}
}

@article{greenwald1980,
  title={The totalitarian ego: Fabrication and revision of personal history.},
  author={Greenwald, Anthony G},
  journal={American psychologist},
  volume={35},
  number={7},
  pages={603},
  year={1980},
  publisher={American Psychological Association}
}

@article{albrecht2006,
  title={Equilibrium directed search with multiple applications},
  author={Albrecht, James and Gautier, Pieter A and Vroman, Susan},
  journal={The Review of Economic Studies},
  volume={73},
  number={4},
  pages={869--891},
  year={2006},
  publisher={Wiley-Blackwell}
}

@article{wolthoff2017,
  title={Applications and Interviews: Firmsâ€™ Recruiting Decisions in a Frictional Labour Market},
  author={Wolthoff, Ronald},
  journal={The Review of Economic Studies},
  volume={85},
  number={2},
  pages={1314--1351},
  year={2017},
  publisher={Oxford University Press}
}

@article{galenianos2009,
  title={Directed search with multiple job applications},
  author={Galenianos, Manolis and Kircher, Philipp},
  journal={Journal of Economic Theory},
  volume={144},
  number={2},
  pages={445--471},
  year={2009},
  publisher={Elsevier}
}